<?xml version="1.0" encoding="UTF-8"?><collection xmlns="http://www.loc.gov/MARC21/slim"><record><leader>00415nam--2200133-i-4500</leader><controlfield tag="001">000015964</controlfield><controlfield tag="002">20161230</controlfield><controlfield tag="005">20161230201031</controlfield><controlfield tag="008">060222s1000------------r-----000-0-eng-d</controlfield><datafield ind1=" " ind2=" " tag="245"><subfield code="a">Classical and quantum models and arithmetic pr oblems</subfield></datafield><datafield ind1=" " ind2=" " tag="260"><subfield code="a">New York, Marcel Dekker, Inc., 1984</subfield></datafield><datafield ind1=" " ind2=" " tag="490"><subfield code="a">Lecture Notes In Pure And Applied Mathematic</subfield></datafield><datafield ind1=" " ind2=" " tag="700"><subfield code="a">Chudnovsky David V.And Chudnovsky, Gregory V</subfield></datafield><datafield ind1=" " ind2=" " tag="852"><subfield code="a">512.7</subfield></datafield></record></collection>